@inproceedings{hasan2020investigation,
    author={Md. Rakibul {Hasan} and Md. Mahbub {Hasan}},
    booktitle={2020 IEEE Region 10 Symposium (TENSYMP)},
    title={Investigation of the Effect of MFCC Variation on the Convolutional Neural Network-based Speech Classification},
    year={2020},
    pages={1408-1411},
    month={6},
    organization={IEEE},
    doi={10.1109/TENSYMP50017.2020.9230697}
}

@article{bird2020optimisation,
    title = {Optimisation of phonetic aware speech recognition through multi-objective evolutionary algorithms},
    journal = {Expert Systems with Applications},
    volume = {153},
    pages = {113402},
    year = {2020},
    issn = {0957-4174},
    doi = {10.1016/j.eswa.2020.113402},
    author = {Jordan J. Bird and Elizabeth Wanner and Anikó Ekárt and Diego R. Faria}
}

@article{yaganoglu2021real,
    title = {Real time wearable speech recognition system for deaf persons},
    journal = {Computers \& Electrical Engineering},
    volume = {91},
    pages = {107026},
    year = {2021},
    issn = {0045-7906},
    doi = {10.1016/j.compeleceng.2021.107026},
    author = {Mete Yağanoğlu}
}

@article{hasan2021how,
    author = {Lastname, Firsname and Lastname, Firsname},
    title = {The first publication from your thesis},
    journal = {Journal title},
    volume = {},
    number = {},
    pages = {1--11},
    month = 10,
    year = {2021},
    doi = {10.10/test},
    entrysubtype={this thesis}
}

@article{hasan2021effect,
    author = {Lastname, Firsname and Lastname, Firsname},
    title={The second publication from your thesis},
    journal = {Journal title},
    month= 9,
    year={2021},
    note={Under Review},
    entrysubtype={this thesis}
}

@inproceedings{hasan2021tuning,
    author = {Lastname, Firsname and Lastname, Firsname},
    title={The third publication from your thesis},
    booktitle = {Conference title},
    month= 10,
    year={2021},
    note={Under Review},
    entrysubtype={this thesis}
}